<record><leader>00000cas a22000007a 4500</leader><controlfield tag="001">9625519</controlfield><controlfield tag="008">830620d18311834mauwr ne      0   a0eng d</controlfield><datafield ind1=" " ind2=" " tag="010"><subfield code="a">sn 83020892 </subfield></datafield><datafield ind1=" " ind2=" " tag="040"><subfield code="a">NPX</subfield><subfield code="b">eng</subfield><subfield code="c">NPX</subfield><subfield code="d">NPU</subfield><subfield code="d">DLC</subfield></datafield><datafield ind1=" " ind2=" " tag="012"><subfield code="l">1</subfield></datafield><datafield ind1="0" ind2=" " tag="022"><subfield code="a">2575-4114</subfield><subfield code="2">1</subfield></datafield><datafield ind1=" " ind2=" " tag="042"><subfield code="a">msc</subfield><subfield code="a">nsdp</subfield></datafield><datafield ind1=" " ind2=" " tag="043"><subfield code="a">n-us-ma</subfield></datafield><datafield ind1="1" ind2="0" tag="050"><subfield code="a">ISSN RECORD</subfield></datafield><datafield ind1="1" ind2="0" tag="082"><subfield code="a">071.3</subfield><subfield code="2">23</subfield></datafield><datafield ind1="0" ind2=" " tag="130"><subfield code="a">Journal &amp; Argus (Lenox, Mass.)</subfield></datafield><datafield ind1=" " ind2="0" tag="222"><subfield code="a">Journal &amp; Argus</subfield><subfield code="b">(Lenox, Mass.)</subfield></datafield><datafield ind1="0" ind2="0" tag="245"><subfield code="a">Journal &amp; Argus.</subfield></datafield><datafield ind1="0" ind2="3" tag="246"><subfield code="a">Journal and Argus</subfield></datafield><datafield ind1=" " ind2=" " tag="260"><subfield code="a">Lenox, Mass. :</subfield><subfield code="b">Samuel W. Bush,</subfield><subfield code="c">1831-</subfield></datafield><datafield ind1=" " ind2=" " tag="300"><subfield code="a">v. ;</subfield><subfield code="c">49 cm.</subfield></datafield><datafield ind1=" " ind2=" " tag="310"><subfield code="a">Weekly</subfield></datafield><datafield ind1=" " ind2=" " tag="336"><subfield code="a">text</subfield><subfield code="b">txt</subfield><subfield code="2">rdacontent</subfield></datafield><datafield ind1=" " ind2=" " tag="337"><subfield code="a">unmediated</subfield><subfield code="b">n</subfield><subfield code="2">rdamedia</subfield></datafield><datafield ind1=" " ind2=" " tag="338"><subfield code="a">volume</subfield><subfield code="b">nc</subfield><subfield code="2">rdacarrier</subfield></datafield><datafield ind1="0" ind2=" " tag="362"><subfield code="a">New ser., v. 3, no. 1 (Sep. 1, 1831)-</subfield></datafield><datafield ind1="1" ind2=" " tag="362"><subfield code="a">Ceased with Aug. 20, 1834 issue.</subfield><subfield code="z">Cf. Gregory, W.  Amer. newspapers.</subfield></datafield><datafield ind1=" " ind2=" " tag="500"><subfield code="a">Publisher: Goodrich &amp; Bush, &lt;Jun. 13, 1833- &gt;.</subfield></datafield><datafield ind1=" " ind2=" " tag="500"><subfield code="a">Editor: S.W. Bush.</subfield></datafield><datafield ind1=" " ind2=" " tag="500"><subfield code="a">Proprietor: J.Z. Goodrich, &lt;1831&gt;.</subfield></datafield><datafield ind1=" " ind2=" " tag="500"><subfield code="a">American Antiquarian Society copy masthead mutilated.</subfield><subfield code="5">MWA</subfield></datafield><datafield ind1="1" ind2=" " tag="700"><subfield code="a">Bush, Samuel W.</subfield></datafield><datafield ind1=" " ind2=" " tag="752"><subfield code="a">United States</subfield><subfield code="b">Massachusetts</subfield><subfield code="c">Berkshire</subfield><subfield code="d">Lenox.</subfield></datafield><datafield ind1="0" ind2="4" tag="780"><subfield code="t">Argus (Pittsfield, Mass.)</subfield><subfield code="w">(DLC)sn 83020885</subfield></datafield><datafield ind1="0" ind2="4" tag="780"><subfield code="t">Berkshire journal (Lenox, Mass.)</subfield><subfield code="x">2575-4122</subfield><subfield code="w">(DLC)sn 83020891</subfield><subfield code="w">(OCoLC)9625339</subfield></datafield><datafield ind1="0" ind2="0" tag="785"><subfield code="t">Massachusetts eagle</subfield><subfield code="x">2575-4092</subfield><subfield code="w">(DLC)sn 83020893</subfield><subfield code="w">(OCoLC)9625651</subfield></datafield><datafield ind1="1" ind2=" " tag="029"><subfield code="a">AU@</subfield><subfield code="b">000025798338</subfield></datafield></record>